@misc{Dua:2019 ,
author = "Dua, Dheeru and Graff, Casey",
year = "2017",
title = "{UCI} Machine Learning Repository",
url = "http://archive.ics.uci.edu/ml",
institution = "University of California, Irvine, School of Information and Computer Sciences" }

@article{visa2011confusion,
  title={Confusion matrix-based feature selection.},
  author={Visa, Sofia and Ramsay, Brian and Ralescu, Anca L and Van Der Knaap, Esther},
  journal={MAICS},
  volume={710},
  pages={120--127},
  year={2011}
}

@article{paszke2017automatic,
  title={Automatic differentiation in pytorch},
  author={Paszke, Adam and Gross, Sam and Chintala, Soumith and Chanan, Gregory and Yang, Edward and DeVito, Zachary and Lin, Zeming and Desmaison, Alban and Antiga, Luca and Lerer, Adam},
  year={2017}
}

@article{lecun1998gradient,
  title={Gradient-based learning applied to document recognition},
  author={LeCun, Yann and Bottou, L{\'e}on and Bengio, Yoshua and Haffner, Patrick},
  journal={Proceedings of the IEEE},
  volume={86},
  number={11},
  pages={2278--2324},
  year={1998},
  publisher={Ieee}
}

@article{goyal2018accurate, 
    title={Accurate, Large Minibatch SGD Training ImageNet in 1 Hour}, 
    author={Goyal, Dollar, Girshick, Noordhuis, Wesolowski, Kyrola, Tulloch, Jia, He},
    url={https://arxiv.org/pdf/1706.02677.pdf}
}

@article{keras,
    title={Building Autoencoders in Keras},
    author={Francois Chollet},
    url={https://blog.keras.io/building-autoencoders-in-keras.html},
    year = {2016}
}